
@book{Wieringa2014,
  title={Design science methodology for information systems and software engineering},
  author={Wieringa, Roel J},
  year={2014},
  publisher={Springer}
}
@article{Gregor2013,
  title={Positioning and presenting design science research for maximum impact},
  author={Gregor, Shirley and Hevner, Alan R},
  journal={MIS quarterly},
  volume={37},
  number={2},
  year={2013}
}
    
@article{Klein2014,
  journal = {PLoS ONE},
  title = {Scholarly context not found: One in five articles suffers from reference rot},
  author = {Martin Klein and Herbert Van De Sompel and Robert Sanderson and Harihar Shankar and Lyudmila Balakireva and Ke Zhou and Richard Tobin},
  year = {2014},
  month = {12},
  volume = {9},
  publisher = {Public Library of Science},
  doi = {10.1371/journal.pone.0115253},
  issn = {19326203},
  number = {12}
}
@article{Van de Sompel2016,
  title = {Web Infrastructure to Support e-Journal Preservation (and More)},
  author = {Herbert Van de Sompel and David S H Rosenthal and Michael L Nelson},
  year = {2016},
  url = {http://orcid.org/0000-0002-0715-6126http://orcid.org/http://orcid.org/0000-0003-3749-8116}
}
@inproceedings{Aturban2015,
  booktitle = {Lecture Notes in Computer Science (including subseries Lecture Notes in Artificial Intelligence and Lecture Notes in Bioinformatics)},
  title = {Quantifying orphaned annotations in hypothes.is},
  author = {Mohamed Aturban and Michael L. Nelson and Michele C. Weigle},
  year = {2015},
  pages = {15--27},
  volume = {9316},
  publisher = {Springer Verlag},
  doi = {10.1007/978-3-319-24592-8_2},
  issn = {16113349},
  isbn = {9783319245911}
}
@article{Klein2018,
  journal = {Proceedings of the ACM/IEEE Joint Conference on Digital Libraries},
  title = {Signposting for Repositories},
  author = {Martin Klein and Harihar Shankar and Herbert Van De Sompel},
  year = {2018},
  pages = {355--356},
  doi = {10.1145/3197026.3203879},
  issn = {15525996},
  isbn = {9781450351782}
}